%% This BibTeX bibliography file was created using BibDesk.
%% http://bibdesk.sourceforge.net/


%% Created for Michael Ward at 2015-03-09 18:14:35 -0700 


%% Saved with string encoding Unicode (UTF-8) 



@article{lo:etal:2014,
	Author = {James Lo and Jonathan B. Slapin and Sven-Oliver Proksch},
	Date-Added = {2015-03-10 01:05:33 +0000},
	Date-Modified = {2015-03-10 01:13:34 +0000},
	Journal = {British Journal of Political Science},
	Month = {July},
	Title = {Ideological Clarity in Multi-Party Competition: A New Measure and Test Using Election Manifestos},
	Year = {2014 online}}

@article{laver:etal:2003,
	Author = {Michael Laver and Kenneth Benoit and John Garry},
	Date-Added = {2015-03-10 01:02:49 +0000},
	Date-Modified = {2015-03-10 01:04:20 +0000},
	Journal = {American Political Science Review},
	Number = {2},
	Pages = {311--331},
	Title = {Extracting Policy Positions from Political Texts using Words as Data},
	Volume = {97},
	Year = {2003}}

@article{boix:etal:2012,
	Author = {Boix, Carles and Michael Miller and Sebastian Rosato},
	Date-Added = {2014-08-26 15:33:52 +0000},
	Date-Modified = {2014-08-26 17:33:28 +0000},
	Journal = {Comparative Political Studies},
	Number = {12},
	Pages = {1523-1554},
	Title = {A Complete Dataset of Political Regimes, 1800-2007},
	Volume = {46},
	Year = {2012}}

@inproceedings{caruana2008empirical,
	Author = {Caruana, Rich and Karampatziakis, Nikos and Yessenalina, Ainur},
	Booktitle = {Proceedings of the 25th international conference on Machine learning},
	Organization = {ACM},
	Pages = {96--103},
	Title = {An Empirical Evaluation of Supervised Learning in High Dimensions},
	Year = {2008}}

@article{casper:tufis:2003,
	Author = {Casper, Gretchen and Claudiu Tufis},
	Date-Added = {2014-08-26 15:34:01 +0000},
	Date-Modified = {2014-08-26 15:34:01 +0000},
	Journal = {Political Analysis},
	Number = {2},
	Pages = {196-203},
	Title = {Correlation Versus Interchangeability: The Limited Robustness of Empirical Findings on Democracy Using Highly Correlated Data Sets},
	Volume = {11},
	Year = {2003}}

@electronic{chadefaux:2014,
	Author = {Chadefaux, Thomas},
	Date-Added = {2014-08-26 15:34:01 +0000},
	Date-Modified = {2014-08-26 18:04:24 +0000},
	Title = {The Triggers of War: Disentangling the Spark from the Powder Keg},
	Url = {http://ssrn.com/abstract=2409005.},
	Year = {2014},
	Bdsk-Url-1 = {http://ssrn.com/abstract=2409005}}

@article{chang2011libsvm,
	Author = {Chang, Chih-Chung and Lin, Chih-Jen},
	Journal = {ACM Transactions on Intelligent Systems and Technology (TIST)},
	Number = {3},
	Pages = {27},
	Publisher = {ACM},
	Title = {LIBSVM: a library for support vector machines},
	Volume = {2},
	Year = {2011}}

@article{cheibub:etal:2010,
	Author = {Cheibub, Jose Antonio and Jennifer Gandhi and James Vreeland},
	Date-Added = {2014-08-26 15:35:03 +0000},
	Date-Modified = {2014-08-26 15:35:03 +0000},
	Journal = {Public Choice},
	Number = {1/2},
	Pages = {67-101},
	Title = {Democracy and Dictatorship Revisited},
	Volume = {143},
	Year = {2010}}

@misc{coppedge:etal:2013,
	Author = {Coppedge, Michael and John Gerring and Staffan I. Lindberg and Jan Teorell},
	Date-Added = {2014-08-26 15:42:16 +0000},
	Date-Modified = {2014-08-26 15:42:16 +0000},
	Note = {http://ssrn.com/abstract=2303580},
	Title = {Aggregating Varieties of Democracy Data},
	Year = {2013}}

@article{dorazio:etal:2014,
	Author = {D'Orazio, Vito and Steven T. Landis and Glenn Palmer and Philip Schrodt},
	Date-Added = {2014-08-26 15:42:40 +0000},
	Date-Modified = {2014-08-26 15:42:40 +0000},
	Journal = {Political Analysis},
	Number = {2},
	Pages = {224-242},
	Title = {Separating the Wheat from the Chaff: Applications of Automated Document Classification Using Support Vector Machines},
	Volume = {22},
	Year = {2014}}

@article{escriba-foch:wright:2010,
	Author = {Escrib\'a-Foch,Abel and Joseph Wright},
	Date-Added = {2014-08-26 15:36:50 +0000},
	Date-Modified = {2014-08-26 17:22:18 +0000},
	Journal = {International Studies Quarterly},
	Number = {2},
	Pages = {335-359},
	Title = {Dealing with Tyranny: International Sanctions and the Survival of Authoritarian Rulers},
	Volume = {54},
	Year = {2010}}

@unpublished{geddes:2002,
	Author = {Geddes, Barbara},
	Date-Added = {2014-08-26 15:41:42 +0000},
	Date-Modified = {2014-08-26 18:03:47 +0000},
	Howpublished = {Paper presented at the Annual Meeting of the American Political Science Association, Boston, MA},
	Note = {Paper presented at the Annual Meeting of the American Political Science Association, Boston, MA},
	Title = {The Effects of Foreign Pressures on the Collapse of Authoritarian Regimes},
	Year = {2002}}

@unpublished{geddes:1999,
	Author = {Geddes, Barbara},
	Date-Added = {2014-08-26 15:37:50 +0000},
	Date-Modified = {2014-08-26 18:03:32 +0000},
	Howpublished = {Paper presented at the annual meeting of the American Political Science Association},
	Note = {Paper presented at the annual meeting of the American Political Science Association},
	Title = {Authoritarian Breakdown: Empirical Test of a Game Theoretic Argument},
	Year = {1999}}

@article{geddes:etal:2014,
	Author = {Geddes, Barbara and Joseph Wright and Erica Frantz},
	Date-Added = {2014-08-26 15:41:42 +0000},
	Date-Modified = {2014-08-26 15:41:42 +0000},
	Journal = {Perspectives on Politics},
	Number = {2},
	Pages = {313-331},
	Title = {Autocratic Breakdown and Regime Transitions: A New Data Set},
	Volume = {12},
	Year = {2014}}

@article{goldstone2010global,
	Author = {Goldstone, Jack A and Bates, Robert H and Epstein, David L and Gurr, Ted Robert and Lustik, Michael B and Marshall, Monty G and Ulfelder, Jay and Woodward, Mark},
	Date-Added = {2014-08-26 15:45:22 +0000},
	Date-Modified = {2014-08-26 15:45:22 +0000},
	Journal = {American Journal of Political Science},
	Number = {1},
	Pages = {190--208},
	Publisher = {Wiley Online Library},
	Title = {A global model for forecasting political instability},
	Volume = {54},
	Year = {2010}}

@article{grimmer:2010,
	Author = {Grimmer, Justin},
	Date-Added = {2014-08-26 17:34:58 +0000},
	Date-Modified = {2014-08-26 17:34:58 +0000},
	Doi = {10.1093/pan/mpq027},
	File = {:Users/dynaman/Dropbox/Papers/2010/Grimmer - 2010 - An Introduction to Bayesian Inference via Variational Approximations.pdf:pdf},
	Issn = {1047-1987},
	Journal = {Political Analysis},
	Month = nov,
	Number = {1},
	Pages = {32--47},
	Title = {{An Introduction to Bayesian Inference via Variational Approximations}},
	Volume = {19},
	Year = {2010},
	Bdsk-Url-1 = {http://dx.doi.org/10.1093/pan/mpq027}}

@article{hadenius:teorell:2007,
	Author = {Hadenius, Axel and Jan Teorell},
	Date-Added = {2014-08-26 15:41:27 +0000},
	Date-Modified = {2014-08-26 17:23:47 +0000},
	Journal = {Journal of Democracy},
	Number = {1},
	Pages = {143-15},
	Title = {Pathways from Authoritarianism},
	Volume = {18},
	Year = {2007}}

@article{hegre:2014,
	Author = {Hegre, H{\aa}vard},
	Date-Added = {2014-08-26 15:41:19 +0000},
	Date-Modified = {2014-08-26 15:41:19 +0000},
	Journal = {Journal of Peace Research},
	Number = {2},
	Pages = {159-172},
	Title = {Democracy and Armed Conflict},
	Volume = {51},
	Year = {2014}}

@misc{hsu2003practical,
	Author = {Hsu, Chih-Wei and Chang, Chih-Chung and Lin, Chih-Jen and others},
	Title = {A Practical Guide to Support Vector Classification},
	Year = {2003}}

@book{joachims1998text,
	Author = {Joachims, Thorsten},
	Publisher = {Springer},
	Title = {Text Categorization with Support Vector Machines: Learning with Many Relevant Features},
	Year = {1998}}

@article{king:lowe:2003,
	Author = {Gary King and Will Lowe},
	Date-Added = {2014-08-26 17:34:40 +0000},
	Date-Modified = {2014-08-26 17:34:40 +0000},
	Issue = {3},
	Journal = {International Organization},
	Month = {July},
	Pages = {617-642},
	Title = {An Automated Information Extraction Tool for International Conflict Data with Performance as Good as Human Coders: A Rare Events Evaluation Design},
	Volume = {57},
	Year = {2003}}

@unpublished{marshall:jaggers:2002,
	Author = {Marshall, Monty G. and Keith Jaggers},
	Date-Added = {2014-08-26 15:40:50 +0000},
	Date-Modified = {2014-08-26 15:40:50 +0000},
	Note = {Center for International Development and Conflict Management, University of Maryland},
	Title = {Polity IV Project: Political Regime Characteristics and Transitions, 1800-2002, Dataset Users' Manual},
	Year = {2002}}

@inproceedings{oconnor:etal:2013,
	Address = {Sofia, Bulgaria},
	Author = {O'Connor, Brendan and Brandon M. Stewart and Smith, Noah A},
	Booktitle = {Conference Proceedings of the Association of Computational Linguistics},
	Date-Added = {2014-08-26 17:41:44 +0000},
	Date-Modified = {2014-08-26 18:00:05 +0000},
	Editor = {Hinrich Schuetze Hinrich Schuetze Hinrich Schuetze},
	Journal = {\},
	Pages = {tbd},
	Title = {Learning to Extract International Relations from Political Context},
	Year = {2013}}

@article{pemstein:etal:2010,
	Author = {Pemstein, Daniel and Steven A. Meserve and James Melton},
	Date-Added = {2014-08-26 15:40:40 +0000},
	Date-Modified = {2014-08-26 15:40:40 +0000},
	Journal = {Political Analysis},
	Number = {4},
	Pages = {426-449},
	Title = {Democratic Compromise: A Latent Variable Analysis of Ten Measures of Regime Type},
	Volume = {18},
	Year = {2010}}

@article{platt:1999,
	Author = {John C. Platt},
	Date-Added = {2014-08-26 15:40:30 +0000},
	Date-Modified = {2014-08-26 15:40:30 +0000},
	Masid = {414787},
	Title = {{Probabilistic Outputs for Support Vector Machines and Comparisons to Regularized Likelihood Methods}},
	Year = {1999}}

@article{slapin:proksch:2010,
	Author = {Jonathan B. Slapin and Sven-Oliver Proksch},
	Date-Added = {2014-08-26 17:42:32 +0000},
	Date-Modified = {2014-08-26 18:00:33 +0000},
	Journal = {European Union Politics},
	Number = {3},
	Pages = {333-357},
	Title = {Look Who's Talking: Parliamentary Debate in the {European Union}},
	Volume = {11},
	Year = {2010}}

@article{ulfelder:2005,
	Author = {Ulfelder, Jay},
	Date-Added = {2014-08-26 15:40:16 +0000},
	Date-Modified = {2014-08-26 17:14:20 +0000},
	Journal = {International Political Science Review},
	Number = {3},
	Pages = {311-334},
	Title = {Contentious Collective Action and the Breakdown of Authoritarian Regimes},
	Volume = {26},
	Year = {2005}}

@book{vapnik2000nature,
	Author = {Vapnik, Vladimir},
	Publisher = {Springer Science \& Business Media},
	Title = {The Nature of Statistical Learning Theory},
	Year = {2000}}

@article{wahman:etal:2013,
	Author = {Wahman, Michael and Jan Teorell and Axel Hadenius},
	Date-Added = {2014-08-26 15:40:06 +0000},
	Date-Modified = {2014-08-26 15:40:06 +0000},
	Journal = {Contemporary Politics},
	Number = {1},
	Pages = {19-34},
	Title = {Authoritarian Regime Types Revisited: Updated Data in Comparative Perspective},
	Volume = {19},
	Year = {2013}}

@article{wilson:2014,
	Author = {Wilson, Matthew},
	Date-Added = {2014-08-26 15:39:57 +0000},
	Date-Modified = {2014-08-26 17:23:11 +0000},
	Journal = {Comparative Political Studies},
	Number = {5},
	Pages = {689-7},
	Title = {A Discreet Critique of Discrete Regime Type Data},
	Volume = {47},
	Year = {2014}}

@article{yu:etal:2008,
	Author = {Bei Yu and Stefan Kaufmann and Daniel Diermeier},
	Date-Added = {2014-08-26 17:45:52 +0000},
	Date-Modified = {2014-08-26 17:45:52 +0000},
	Journal = {Journal of Information Technology \& Politics},
	Number = {1},
	Pages = {33-48},
	Title = {Classifying Party Affiliation from Political Speech},
	Volume = {5},
	Year = {2008}}
